@article{smith2021,
  author  = {Jane Smith},
  title   = {A Study on LaTeX Typesetting},
  journal = {LaTeX Journal},
  year    = {2021},
  volume  = {10},
  number  = {1},
  pages   = {1-10}
}

@book{johnson2019,
  author    = {John Johnson},
  title     = {The Art of Research Writing},
  publisher = {Research Press},
  year      = {2019},
  address   = {New York},
  edition   = {2nd}
}

@inproceedings{doe2020,
  author    = {John Doe and Jane Roe},
  title     = {Innovations in Machine Learning},
  booktitle = {Proceedings of the 2020 International Conference on Machine Learning},
  year      = {2020},
  pages     = {50--60},
  address   = {San Francisco, CA}
}

@misc{website2023,
  author       = {Alex Example},
  title        = {Guide to Effective Research},
  year         = {2023},
  howpublished = {\url{https://example.com/research-guide}},
  note         = {Accessed: 2025-01-15}
}
